@misc{Canu,
   author       = "S. Canu  and Y. Grandvalet and V. Guigue and A.
Rakotomamonjy",
   title        = "SVM and Kernel Methods Matlab Toolbox ",
   howpublished = "Perception Systèmes et Information, INSA de Rouen,
Rouen, France",
   year         = "2005"
} 

@book{Bengio,
	author = 	"J. Mariéthoz, Y. Grandvalet and S. Bengio",
	title = 	"Speech and Speaker Recognition: Large Margin and Kernel Methods",
	publisher = "John Wiley and Sons",
	year = 		"2001"
}